-- Predefined (standard) journal abbreviations:
acmcs    ACM Computing Surveys
acta     Acta Informatica
cacm     Communications of the ACM
ibmjrd   IBM Journal of Research and Development
ibmsj    IBM Systems Journal
ieeese   IEEE Transactions on Softw. Engineering
ieeetc   IEEE Transactions on Computers
ieeetcad IEEE Transactions on Computer-Aided Design of Integrated Circuits
ipl      Information Processing Letters
jacm     Journal of the ACM
jcss     Journal of Computer and System Sciences
scp      Science of Computer Programming
sicomp   SIAM Journal on Computing
tocs     ACM Transactions on Computer Systems
tods     ACM Transactions on Database Systems
tog      ACM Transactions on Graphics
toms     ACM Transactions on Mathematical Softw.
toois    ACM Transactions on Office Information Systems
toplas   ACM Transactions on Programming Languages and Systems
tcs      Theoretical Computer Science

-- Non-standard abbreviations (journals):
@STRING{ieeesoft = "IEEE Softw."}
@STRING{ieeecomp = "IEEE Computer"}
@STRING{jsm      = "Journal of Softw. Maintenance: Research and Practice"}
@STRING{jss      = "The Journal of Systems and Softw."}
@STRING{lncs     = "Lecture Notes in Computer Science"}
@STRING{loplas   = "ACM Letters on Programming Languages and Systems"}
@STRING{sen      = "ACM SIGSOFT Softw. Engineering Notes"}
@STRING{sigplan  = "ACM SIGPLAN Notices"}
@STRING{spe      = "Softw.---Practice and Experience"}
@STRING{tosem    = "ACM Transactions on Softw. Engineering and Methodology"}
@STRING{stvr     = "Softw. Testing, Verification and Reliability"}
@STRING{mam      = "Microprocessing and Microprogramming"}

@inproceedings{Chang:2010,
 author = {Chang, Tsung-Hsiang and Yeh, Tom and Miller, Robert C.},
 title = {{GUI} testing using computer vision},
 booktitle = {Proceedings of the Conference on Human Factors in Computing Systems},
 year = {2010},
 pages = {1535--1544}
} 

@inproceedings{Yeh:2009,
 author = {Yeh, Tom and Chang, Tsung-Hsiang and Miller, Robert C.},
 title = {{Sikuli: Using GUI screenshots for search and automation}},
 booktitle = {Proceedings of the 22nd Symposium on User Interface Software and Technology},
 year = {2009},
 pages = {183--192}
}

@inproceedings{Choudhary:2011,
 author = {Choudhary, S. R. and Zhao, D. and Versee, H. and Orso, A.},
 title = {{WATER}: Web Application TEst Repair},
 booktitle = {Proceedings of the First International Workshop on End-to-End Test Script Engineering},
 year = {2011}
} 

@article{Memon:2008,
 author = {Memon, A. M.},
 title = {Automatically repairing event sequence-based {GUI} test suites for regression testing},
 journal = {ACM Transaction Software Engineering and Methodology},
 volume = {18},
 issue = {2},
 month = {November},
 year = {2008},
 pages = {1--36}
} 

@inproceedings{Grechanik:2009,
 author = {Grechanik, M. and Xie, Q. and Fu, C.},
 title = {Maintaining and evolving {GUI}-directed test scripts},
 booktitle = {Proceedings of the 31st International Conference on Software Engineering},
 year = {2009},
 pages = {408--418}
}

@inproceedings{Daniel2011,
 author = {Daniel, Brett and Luo, Qingzhou and Mirzaaghaei, Mehdi and Dig, Danny and Marinov, Darko and Pezz\`{e}, Mauro},
 title = {Automated {GUI} refactoring and test script repair},
 booktitle = {Proceedings of the First International Workshop on End-to-End Test Script Engineering},
 year = {2011},
 pages = {38--41},
} 

@inproceedings{thummalapenta:2012a,
author = {Thummalapenta, S. and Sinha, S. and Singhania, N. and Chandra, S.},
title = {Automating test automation},
booktitle = {Proceedings of the 34th International Conference on Software Engineering},
pages = {881--891},
year = {2012}
}

@inproceedings{thummalapenta:2012b,
author = {S. Thummalapenta and N. Singhania and P. Devaki and S. Sinha and S. Chandra and
A. K. Das and S. Mangipudi},
title = {Efficiently scripting change-resilient tests},
booktitle = {Proceedings of the 20th International Symposium on the
                  Foundations of Software Engineering, Tool
                  Demonstrations Track},
year = {2012}
}

@inproceedings{Zhang2013,
 author = {Zhang, Sai and L\"{u}, Hao and Ernst, Michael D.},
 title = {Automatically repairing broken workflows for evolving GUI applications},
 booktitle = {Proceedings of the 2013 International Symposium on Software Testing and Analysis},
 year = {2013},
 pages = {45--55},
} 

@inproceedings{Mesbah:2011,
 author = {Mesbah, Ali and Prasad, Mukul R.},
 title = {Automated cross-browser compatibility testing},
 booktitle = {Proceedings of the 33rd International Conference on Software Engineering},
 year = {2011},
 pages = {561--570}, 
} 

@inproceedings{Shauvik:2012,
  author    = {Shauvik Roy Choudhary and Mukul R. Prasad and Alessandro Orso},
  title     = {{CrossCheck: Combining crawling and differencing to better
               detect cross-browser incompatibilities in web applications}},
  booktitle = {Proceedings of the International Conference on Software Testing, Verification and Validation},
  year      = {2012},
  pages     = {171-180},  
}

@misc{Browsers,
  title = {Wikipedia. List of web browsers},
  howpublished = {\url{http://en.wikipedia.org/wiki/List_of_web_browsers}}
}

@misc{Sikuli,
  title = {{Sikuli Script}},
  howpublished = {\url{http://www.sikuli.org}}
}

@misc{Eggplant,
  title = {{EggPlant}},
  howpublished = {\url{http://www.testplant.com/products/eggplant}}
}

@misc{ibmrft,
  title = {{IBM Rational Functional Tester}},
  howpublished = {\url{http://www-01.ibm.com/software/awdtools/tester/functional}}
}

@misc{selenium,
  title = {{Selenium}},
  howpublished = {\url{http://seleniumhq.org}}
}

@misc{hpqtp,
  title = {{HP Quick Test Professional}},
  howpublished = {\url{http://www8.hp.com/us/en/software-solutions/software.html?compURI=1172122&jumpid=reg_r1002_usen#.T-amcRfB-Gc}}
}
