
@inproceedings{Sinha:2012,
 author = {Sinha, Vibha Singhal and Mani, Senthil and Mukherjee, Debdoot},
 title = {Is Text Search an Effective Approach for Fault Localization: A Practitioners Perspective},
 booktitle = {Proceedings of the 3rd Annual Conference on Systems, Programming, and Applications: Software for Humanity},
 year = {2012},
}

@article{Goodwin:2012a,
author = {Richard Goodwin and Pietro Mazzoleni and Sweefen Goh and Aubrey Rember and Vibha Sinha and Debdoot Mukherjee and Senthil Mani},
title = {Improving Service Quality through Use of Standard Workbenches},
journal ={Annual SRII Global Conference},
year = {2012},
publisher = {IEEE Computer Society},
}

@article{Goodwin:2012b,
author = {Richard Goodwin and Sweefen Goh and Pietro Mazzolen and Vibha Sinha and Debdoot Mukherjee and Senthil Mani},
title = {Effective Content Reuse for Business Consulting Practices},
journal ={Annual SRII Global Conference},
year = {2012},
publisher = {IEEE Computer Society},
}
 
@inproceedings{Debdoot:2011:bpm,
year={2011},
booktitle={Business Process Management},
series={Lecture Notes in Computer Science},
title={Serving Information Needs in Business Process Consulting},
author={Gupta, Monika and Mukherjee, Debdoot and Mani, Senthil and Singhal Sinha, Vibha and Sinha, Saurabh},
}

@article{debdoot:2010:scc,
author = {Debdoot Mukherjee and Senthil Mani and Vibha Singhal Sinha and Rema Ananthanarayanan and Biplav Srivastava and Pankaj Dhoolia and Prahlad Chowdhury},
title = {AHA: Asset Harvester Assistant},
year = {2010},
publisher = {IEEE Computer Society},
}

@incollection{debdoot:2010:bpm,
year={2010},
booktitle={Business Process Management},
title={From Informal Process Diagrams to Formal Process Models},
publisher={Springer Berlin Heidelberg},
author={Mukherjee, Debdoot and Dhoolia, Pankaj and Sinha, Saurabh and Rembert, AubreyJ. and Gowri Nanda, Mangala},
}

@inproceedings{Mani:2012,
 author = {Mani, Senthil and Catherine, Rose and Sinha, Vibha Singhal and Dubey, Avinava},
 title = {AUSUM: Approach for Unsupervised Bug Report Summarization},
 booktitle = {Proceedings of the ACM SIGSOFT 20th International Symposium on the Foundations of Software Engineering},
 year = {2012},
 publisher = {ACM},
} 

@inproceedings{Majumdar:2011,
 author = {Majumdar, Debapriyo and Catherine, Rose and Ikbal, Shajith and Visweswariah, Karthik},
 title = {Privacy Protected Knowledge Management in Services with Emphasis on Quality Data},
 booktitle = {In Proceedings of CIKM},
 year = {2011},
 publisher = {ACM},
}

@inproceedings{Rastkar:2010,
 author = {Rastkar, Sarah and Murphy, Gail C. and Murray, Gabriel},
 title = {Summarizing Software Artifacts: A Case Study of Bug Reports},
 booktitle = {In Proceedings of ICSE},
 year = {2010},
 publisher = {ACM},
}

@inproceedings{Henbeta:2012,
 author = {Hen{\$\beta\$}, Stefan and Monperrus, Martin and Mezini, Mira},
 title = {Semi-automatically Extracting FAQs to Improve Accessibility of Software Development Knowledge},
 booktitle = {Proceedings of the 2012 International Conference on Software Engineering},
 year = {2012},
 publisher = {IEEE Press},
}

@article{Murphy:2005,
author = {Davor Cubranic and Gail C. Murphy and Janice Singer and Kellogg S. Booth},
title = {Hipikat: A Project Memory for Software Development},
journal ={IEEE Transactions on Software Engineering},
year = {2005},
publisher = {IEEE Computer Society},
}
 
@inproceedings{Begel:2010,
 author = {Begel, Andrew and Khoo, Yit Phang and Zimmermann, Thomas},
 title = {Codebook: Discovering and Exploiting Relationships in Software Repositories},
 booktitle = {In Proceedings of ICSE},
 year = {2010},
 publisher = {ACM},
} 
  
@article{Desouza:2006,
  author = {Desouza, Kevin C. and Awazu, Yukika and Baloh, Peter},
  journal = {IEEE Software},
  pages = {30-37},
  title = {Managing Knowledge in Global Software Development Efforts: Issues and Practices.},
  volume = 23,
  year = 2006
}

@article{Stein:1995,
  title={Organization memory: Review of concepts and recommendations for management},
  author={Stein, Eric W},
  journal={International Journal of Information Management},
  volume={15},
  number={1},
  pages={17--32},
  year={1995}
}

@INPROCEEDINGS{desouza:2005, 
author={Desouza, K. and Dingsoyr, T. and Awazu, Y.}, 
booktitle={Proceedings of the 38th Annual Hawaii International Conference on System Sciences}, 
title={Experiences with Conducting Project Postmortems: Reports vs. Stories and Practitioner Perspective}, 
year={2005}, 
}

@book{clements2002software,
  title={Software product lines},
  author={Clements, Paul and Northrop, Linda},
  year={2002},
  publisher={Addison-Wesley Boston}
}

@misc{apqc,
  title = {{APQC Process Classification Framework}},
  howpublished = {\url{http://www.apqc.org/process-classification-framework}}
}

@misc{bph,
  title = {SAP Solution Maps},
  howpublished = {\url{http://www.sap.com/solution.html}}
}

@inproceedings{Ashok:2009,
 author = {Ashok, B. and Joy, Joseph and Liang, Hongkang and Rajamani, Sriram K. and Srinivasa, Gopal and Vangala, Vipindeep},
 title = {DebugAdvisor: A Recommender System for Debugging},
 booktitle = {In Proceedings of FSE},
 year = {2009},
}

@misc{idc2,
title = {The high cost of not finding information.},
howpublished = {IDC Whitepaper. Analysts: Susan Feldman and Chris Sherman}
}

@inproceedings{Alavi:2001,
 author = {Alavi, M. and Leidner, D.E},
 title = {Review: Knowledge management and knowledge management systems: Conceptual foundations and research issues},
 booktitle = {JSTOR},
 year = {2001},
}

@book{davenport2000working,
  title={Working knowledge: How organizations manage what they know},
  author={Davenport, Thomas H and Pruzak, Laurence},
  year={2000},
  publisher={Harvard Business Press}
}

@incollection{malhotra2004knowledge,
  title={Why knowledge management systems fail: enablers and constraints of knowledge management in human enterprises},
  author={Malhotra, Yogesh},
  booktitle={Handbook on Knowledge Management 1},
  year={2004},
  publisher={Springer}
}

@article{bollinger2001managing,
  title={Managing organizational knowledge as a strategic asset},
  author={Bollinger, Audrey S and Smith, Robert D},
  journal={Journal of Knowledge Management},
  volume={5},
  number={1},
  pages={8--18},
  year={2001},
  publisher={MCB UP Ltd}
}


@inproceedings{McDonald:2000,
 author = {McDonald, David W. and Ackerman, Mark S.},
 title = {Expertise Recommender: A Flexible Recommendation System and Architecture},
 booktitle = {In Proceedings of CSCW},
 year = {2000},
 publisher = {ACM},
}

@inproceedings{Mockus:2002,
 author = {Mockus, Audris and Herbsleb, James D.},
 title = {Expertise Browser: A Quantitative Approach to Identifying Expertise},
 booktitle = {In Proceedings of ICSE},
 year = {2002},
 publisher = {ACM},
}

@article{hansen2000s,
  title={Whatâ€™s your strategy for managing knowledge},
  author={Hansen, Morten and Nohria, Nitin and Tierney, Thomas},
  journal={The knowledge management yearbook},
  volume={2001},
  pages={55--69},
  year={2000},
  publisher={Butterworth-Heinemann}
} 

@article{mcdermott2000information,
  title={Why information technology inspired but cannot deliver knowledge management},
  author={McDermott, Richard},
  journal={Knowledge and communities},
  volume={41},
  number={4},
  pages={21--35},
  year={2000},
  publisher={Butterworth-Heinemann}
} 

@inproceedings{McKinsey:1999,
 author = {Manville, B.},
 title = {{A complex adaptive approach to KM: reflections on the case of McKinsey \& Company, Inc.}},
 booktitle = {Knowledge Management Review, 8 (May-June)",
 year={1999}
}

@inproceedings{Harvard:1999,
 title = {{Knowledge management at Andersen Consulting}},
 booktitle = {Case No. 9-499- 032. Boston: Harvard Business School}",
 year={1999}
}

@inproceedings{Ernst:1997,
 title = {{Knowledge management at Ernst \& Young.}},
 booktitle = {Case M-291. Graduate School of Business, Stanford University}",
 year={1997}
}

@book{manning2008introduction,
  title={Introduction to information retrieval},
  author={Manning, Christopher D and Raghavan, Prabhakar and Sch{\"u}tze, Hinrich},
  volume={1},
  year={2008},
  publisher={Cambridge University Press Cambridge}
}

@book{bishop2006pattern,
  title={Pattern recognition and machine learning},
  author={Bishop, Christopher M and Nasrabadi, Nasser M},
  volume={1},
  year={2006},
  publisher={springer New York}
}

@inproceedings{wen2004probabilistic,
  title={Probabilistic model for contextual retrieval},
  author={Wen, Ji-Rong and Lao, Ni and Ma, Wei-Ying},
  booktitle={In Proceedings of SIGIR}
  year={2004},
  organization={ACM}
}

@inproceedings{kraft2005q,
  title={Y! q: contextual search at the point of inspiration},
  author={Kraft, Reiner and Maghoul, Farzin and Chang, Chi Chao},
  booktitle={In Proceedings of CIKM}
  year={2005},
  organization={ACM}
}

@article{hendriks1999share,
  title={Why share knowledge? The influence of ICT on the motivation for knowledge sharing},
  author={Hendriks, Paul},
  journal={Knowledge and process management},
  volume={6},
  number={2},
  year={1999}
}

@inproceedings{wang2008approach,
  title={An approach to detecting duplicate bug reports using natural language and execution information},
  author={Wang, Xiaoyin and Zhang, Lu and Xie, Tao and Anvik, John and Sun, Jiasu},
  booktitle={In Proceedings of ICSE},
  year={2008},
}

@inproceedings{sun2010discriminative,
  title={A discriminative model approach for accurate duplicate bug report retrieval},
  author={Sun, Chengnian and Lo, David and Wang, Xiaoyin and Jiang, Jing and Khoo, Siau-Cheng},
  booktitle={In Proceedings of ICSE},
  year={2010},
}

@article{vasilescu2014social,
  title={How social Q\&A sites are changing knowledge sharing in Open Source software communities},
  author={Vasilescu, Bogdan and Serebrenik, Alexander and Devanbu, Premkumar and Filkov, Vladimir},
  journal={CSCW. ACM (accepted 2014)}
}

@article{bartol2002encouraging,
  title={Encouraging knowledge sharing: the role of organizational reward systems},
  author={Bartol, Kathryn M and Srivastava, Abhishek},
  journal={Journal of Leadership \& Organizational Studies},
  volume={9},
  number={1},
  year={2002},
  publisher={Sage Publications}
}

@article{spanoudakis2005software,
  title={Software traceability: a roadmap},
  author={Spanoudakis, George and Zisman, Andrea},
  journal={Handbook of Software Engineering and Knowledge Engineering},
  volume={3},
  pages={395--428},
  year={2005},
  publisher={World Scientific Publishing Co}
}

@inproceedings{Guha:2003,
 author = {Guha, R. and McCool, Rob and Miller, Eric},
 title = {Semantic Search},
 booktitle = {In Proceedings of WWW},
 year = {2003},
}

@inproceedings{Balog:2006,
 author = {Balog, Krisztian and Azzopardi, Leif and de Rijke, Maarten},
 title = {Formal Models for Expert Finding in Enterprise Corpora},
 booktitle = {In Proceedings of SIGIR},
 year = {2006},
}  

@inproceedings{kacholia2005bidirectional,
  title={Bidirectional expansion for keyword search on graph databases},
  author={Kacholia, Varun and Pandit, Shashank and Chakrabarti, Soumen and Sudarshan, S and Desai, Rushi and Karambelkar, Hrishikesh},
  booktitle={In Proceedings of VLDB},
  year={2005},
}

@incollection{Berkhin06,
  author    = {Pavel Berkhin},
  title     = {A Survey of Clustering Data Mining Techniques},
  booktitle = {Grouping Multidimensional Data},
  year      = {2006},
  pages     = {25-71},
}

@article{Blei:2012,
 author = {Blei, David M.},
 title = {Probabilistic Topic Models},
 journal = {Communications of the ACM},
 issue_date = {April 2012},
 volume = {55},
 number = {4},
 year = {2012},
} 

@article{Holmes:2013,
 author = {Holmes, Reid and Walker, Robert J.},
 title = {Systematizing Pragmatic Software Reuse},
 journal = {ACM Trans. Softw. Eng. Methodol.},
 volume = {21},
 number = {4},
 month = feb,
 year = {2013},
 publisher = {ACM},
}

@inproceedings{Reiss:2009,
 author = {Reiss, Steven P.},
 title = {Semantics-based Code Search},
 booktitle = {In Proceedings of ICSE},
 year = {2009},
} 

@inproceedings{Dietterich:2000,
 author = {Dietterich, Thomas G.},
 title = {Ensemble Methods in Machine Learning},
 booktitle = {Proceedings of the First International Workshop on Multiple Classifier Systems},
 year = {2000},
} 

@inproceedings{Nowell:1996,
 author = {Nowell, Lucy Terry and France, Robert K. and Hix, Deborah and Heath, Lenwood S. and Fox, Edward A.},
 title = {Visualizing Search Results: Some Alternatives to Query-document Similarity},
 booktitle = {In Proceedings of SIGIR},
 year = {1996},
} 

@inproceedings{Shneiderman:2000,
 author = {Shneiderman, Ben and Feldman, David and Rose, Anne and Grau, Xavier Ferr{\'e}},
 title = {Visualizing Digital Library Search Results with Categorical and Hierarchical Axes},
 booktitle = {Proceedings of the Fifth ACM Conference on Digital Libraries},
 year = {2000},
} 
 
