@BOOK{risk1,
  title = {Tutorial: Software Risk Management},
  publisher = { IEEE Computer Society Press},
  year = {1989},
  author = {Boehm, B. W.},
  owner = {krishna},
  timestamp = {2008.11.20}
}

@BOOK{risk2,
  title = {Software Engineering Risk Analysis and Management},
  publisher = {New York: McGraw-Hill},
  year = {1989},
  author = {Charette, R. N.},
  owner = {krishna},
  timestamp = {2008.11.20}
}

@INPROCEEDINGS{risk3,
  author = {Tom Addison and Seema Vallabh},
  title = {Controlling software project risks: an empirical study of methods
	used by experienced project managers},
  booktitle = {Proceedings of SAICSIT},
  year = {2002},
}

@INPROCEEDINGS{risk4,
  author = {Bernd Freimut and Susanne Hartkopf and Peter Kaiser and Jyrki Kontio
	and Werner Kobitzsch},
  title = {An industrial case study of implementing software risk management},
  booktitle = {Proceedings of FSE},
  year = {2001},
  pages = {277--287},
  file = {:files\\p277-freimut.pdf:PDF},
  isbn = {1-58113-390-1},
  location = {Vienna, Austria},
  owner = {krishna},
  timestamp = {2008.10.30}
}

@INPROCEEDINGS{risk5,
  author = {Kasap, D. and Kaymak, M. },
  title = {Risk Identification Step of the Project Risk Management},
  booktitle = {Proc. Portland International Center for Management of Engineering
	and Technology},
  year = {2007},
  pages = {2116--2120},
  month = {5--9 Aug. },
  file = {:C\:\\Data\\krishna\\Papers\\Bib\\files\\risk\\kasap2007.pdf:PDF},
  owner = {Krishna},
  timestamp = {2008.10.31}
}

@ARTICLE{risk11,
  author = {Clemons, E.K. and Weber, B.W.},
  title = {Strategic information technology investments: guidelines for decision making},
  journal = {Journal of Management Information Systems},
  year = {Fall 1990},
  volume = {7},
  pages = {9-28},
  number = {2},
  owner = {krishna},
  timestamp = {2008.11.21}
}

@ARTICLE{risk12,
  author = {Michael Wing},
  title = {On the economics of software},
  journal = {SIGSOFT Softw. Eng. Notes},
  year = {2007},
  volume = {32},
  pages = {8--9},
  number = {6},
  file = {:files\\p8-wing.pdf:PDF},
  owner = {krishna},
  timestamp = {2008.10.27}
}

@BOOK{risk27,
 author = {Gilovich, D. G. and Kahneman, D.},
 year = {2002},
 title = {Heuristics and Biases: The Psychology of Intuitive Judgement},
 publisher = {Cambridge University Press, Cambridge, U.K.}
}

@INPROCEEDINGS{risk8,
  author = {Sun, Anli and Li, Cunbin},
  title = {Research on Project Risk Evaluation Method Based on Markov Process},
  booktitle = {Proceedings of WiCOM},
  year = {2007},
  pages = {5293--5296},
  file = {:C\:\\Data\\krishna\\Papers\\Bib\\files\\risk\\sun2007.pdf:PDF},
  keywords = {Markov processes, matrix algebra, project management, risk management,
	Markov process, project management, project risk evaluation method,
	state transmission probability matrix},
  owner = {Krishna},
  timestamp = {2008.10.31}
}

@INPROCEEDINGS{risk9,
  author = {Yong Hu and Jiaxing Huang and Juhua Chen and Mei Liu and Kang Xie},
  title = {Software Project Risk Management Modeling with Neural Network and
	Support Vector Machine Approaches},
  booktitle = {Proceedings of ICNC},
  year = {2007},
  volume = {3},
  pages = {358--362},
  month = {24--27 Aug. },
  file = {:C\:\\Data\\krishna\\Papers\\Bib\\files\\risk\\hu2007.pdf:PDF},
  owner = {Krishna},
  timestamp = {2008.10.31}
}

@INPROCEEDINGS{risk10,
  author = {Jianyi, Guo and Li, Zhang and Xusheng, Liu and Yuejuan, Huang and
	Zhengtao, Yu},
  title = {Implementing a quantitative-based methodology for project risk assessment
	DSS},
  booktitle = {Proceedings of CCC},
  year = {2008},
  pages = {730--734},
  file = {:C\:\\Data\\krishna\\Papers\\Bib\\files\\risk\\jianyi2008.pdf:PDF},
  owner = {Krishna},
  timestamp = {2008.10.31}
}

@ARTICLE{risk14,
  author = {Fichman, R. G},
  title = {Real Options and IT Platform Adoption: Implications for Theory and
	Practice},
  journal = {Information Systems Research},
  year = {2004},
  volume = {15},
  pages = {132-154},
  number = {2},
  file = {:C\:\\Data\\krishna\\Papers\\Bib\\files\\risk\\Fichman_IT_Options_Paper.doc:Word},
  owner = {krishna},
  timestamp = {2008.11.23}
}

@INPROCEEDINGS{risk15,
  author = {Leon Chen and Olivia Sheng and Dennis Goreham and Jeannie Watanabe},
  title = {A real option analysis approach to evaluating digital government
	investment},
  booktitle = {Proceedings of National conference on Digital
	government research},
  year = {2005},
  pages = {157--166},
}

@ARTICLE{risk16,
  author = {Kumar, R.},
  title = {A note on project risk and option values of investments in information
	technologies},
  journal = {Journal of Management Information Systems},
  year = {1996},
  pages = {187-193}
}

@BOOK{risk17,
  title = {Real Options: Managing Strategic Investment in an Uncertain World},
  publisher = {Harvard Business School},
  year = {2000},
  author = {Martha Amram and Nalin Kulatilaka},
  owner = {krishna},
  timestamp = {2008.11.23}
}

@ARTICLE{risk18,
  author = {Keil, M. and Mann, J. and Arun, R.},
  title = {Why software projects escalate: An empirical analysis and test of
	four theoretical models},
  journal = {MIS Quarterly},
  year = {2000},
  volume = {24},
  pages = {631-664},
  number = {4},
  owner = {krishna},
  timestamp = {2008.11.23}
}

@INPROCEEDINGS{risk24,
  author = {Catherine M. Beise},
  title = {IT project management and virtual teams},
  booktitle = {Proceedings SIGMIS conference on Computer
	personnel research},
  year = {2004},
}

@INPROCEEDINGS{risk25,
  author = {Host, M. and Lindholm, C.},
  title = {Different conceptions in software project risk assessment},
  booktitle = {Proceedings of SAC},
  year = {2007},
  pages = {1422--1426},
}

@ARTICLE{risk26,
  author = {Maytorena, E. and Winch, G. M. and Freeman, J. and Kiely, T.},
  title = {The Influence of Experience and Information Search Styles on Project
	Risk Identification Performance},
  journal = {IEEE Transactions on Engineering Management},
  year = {2007},
  volume = {54},
  pages = {315--326},
  number = {2},
}

@ARTICLE{ibm-investors-briefing,
  author = {{\relax IBM} Communications},
  title  = {Making Markets Through Services},
  journal = {IBM Annual Investor's Briefing},
  year = {2012},
  pages = {10}
}

@BOOK{glo24,
  title = {Global Software Development},
  publisher = {IEEE Software},
  year = {March-April, 2001},
  author = {Herbsleb, J. D. and Moitra, D.},
  owner = {krishna},
  timestamp = {2008.11.23}
}

@ARTICLE{glo26,
author = {Sengupta, B. and Chandra, S. and  Sinha V.},
title = {A Research Agenda for Distributed Software Development},
journal = {Proceedings of ICSE},
year = {2006}
}

@ARTICLE{glo27,
  author = {Evaristo, J. R. and Scudder, R. and Desouza, K., and Sato, O.},
  title = {A Dimensional Analysis of Geographically Distributed Project Teams:
	A Case Study},
  journal = {Journal of Engineering and Technology Management},
  year = {2004},
  volume = {21},
  pages = {175-189},
  owner = {krishna},
  timestamp = {2008.11.25}
}

@ARTICLE{glo28,
  author = {Booch, G. and Brown, A.},
  title = {Collaborative Development Environments},
  journal = {Advances in Computers},
  year = {2003},
  volume = {59},
  owner = {krishna},
  timestamp = {2008.11.25}
}

@Article{glo29,
 author = {Cheng, L. and DeSouza, C.},
 title  = {Building Collaboration into IDEs},
 journal = {ACM Queue},
 volume  = {9},
 year = {2004}
 }


@Article{glo30,
 author = {Mockus, A. and Herbsleb, J.},
 title  = {Expertise Browser. A Quantitative Approach to Identifying Expertise},
 journal = {Proceedings of ICSE},
 pages  = {503-512},
 year = {2002}
 }

@Article{glo31,
 author = {Cubranic, D. and Murphy, G.},
 title  = {Hipikat: Recommending Pertinent Software Development Artifacts},
 journal = {Proceedings of ICSE},
 year = {2003},
 pages = {403-418}
}

@Article{glo32,
author = {Grundy, J. C. and Hosking, J. G.},
title = {Serendipity: integrated environment support for process modeling, enactment and work coordination},
journal = {Automated Software Engineering: Special Issue on Process Technology},
year = 1998}

@ONLINE{gloaao,
author = {IBM Communications},
title = {Application Assembly Optimization},
url = {http://www.ibm.com/services/us/gbs/application-management/application-assembly-optimization/}
}

@article{glo-ranade,
author = {Ranade, G. V. and Varshney, L. R.},
title = {To Crowdsource or not to Crowdsource?},
journal = {Proceedings of the 4th Human Computation Workshop},
year = {2012}
}
